<record><leader>00000cas a22000007a 4500</leader><controlfield tag="001">21893387</controlfield><controlfield tag="008">900621d186118uugauuu ne      0    0eng d</controlfield><datafield ind1=" " ind2=" " tag="010"><subfield code="a">sn 89053991 </subfield></datafield><datafield ind1=" " ind2=" " tag="040"><subfield code="a">NLG</subfield><subfield code="b">eng</subfield><subfield code="c">NLG</subfield><subfield code="d">OCLCQ</subfield></datafield><datafield ind1=" " ind2=" " tag="042"><subfield code="a">msc</subfield></datafield><datafield ind1="0" ind2=" " tag="130"><subfield code="a">Southern union (Mount Pleasant, Tx.)</subfield></datafield><datafield ind1="1" ind2="4" tag="245"><subfield code="a">The Southern union.</subfield></datafield><datafield ind1=" " ind2=" " tag="260"><subfield code="a">Mount Pleasant, Titus Co., Tx. :</subfield><subfield code="b">J.A. Carpenter</subfield></datafield><datafield ind1=" " ind2=" " tag="300"><subfield code="a">v.</subfield></datafield><datafield ind1=" " ind2=" " tag="588"><subfield code="a">Description based on: Vol. 1, no. 44 (June 4, 1861).</subfield></datafield><datafield ind1=" " ind2=" " tag="752"><subfield code="a">United States</subfield><subfield code="b">Texas</subfield><subfield code="c">Titus</subfield><subfield code="d">Mount Pleasant.</subfield></datafield><datafield ind1="1" ind2=" " tag="029"><subfield code="a">AU@</subfield><subfield code="b">000025310631</subfield></datafield></record>